@misc{swimto,
	title           = {{F}ood delivery market size to cross {R}s 2 lakh crore by 2030: {B}ain-{S}wiggy report --- economictimes.indiatimes.com},
	author          = {},
	year            = {},
	note            = {[Accessed 16-01-2025]},
	howpublished    = {\url{https://economictimes.indiatimes.com/tech/startups/online-food-delivery-market-to-grow-18-on-year-to-rs-2-lakh-crore-by-2030-bain-report/articleshow/111452013.cms}}
}

@misc{torchvision,
	title           = {{TorchVision: PyTorch's Computer Vision library}},
	author          = {TorchVision maintainers and contributors},
	year            = {},
	note            = {[Accessed 16-01-2025]},
	howpublished    = {\url{https://github.com/pytorch/vision}}
}

@inproceedings{Bossard2014,
	title           = {Food-101 -- Mining Discriminative Components with Random Forests},
	author          = {Bossard, Lukas and Guillaumin, Matthieu and Van Gool, Luc},
	year            = 2014,
	booktitle       = {Computer Vision -- ECCV 2014},
	publisher       = {Springer International Publishing},
	pages           = {446--461}
}

@misc{arxiv.1606.05675,
	title           = {DeepFood: Deep Learning-Based Food Image Recognition for Computer-Aided Dietary Assessment},
	author          = {Chang Liu and Yu Cao and Yan Luo and Guanling Chen and Vinod Vokkarane and Yunsheng Ma},
	year            = 2016,
	eprint          = {arXiv:1606.05675}
}

@misc{arxiv.1705.02743,
	title           = {ChineseFoodNet: A large-scale Image Dataset for Chinese Food Recognition},
	author          = {Chen,  Xin and Zhu,  Yu and Zhou,  Hua and Diao,  Liang and Wang,  Dongyan},
	year            = 2017,
	publisher       = {arXiv},
	copyright       = {arXiv.org perpetual,  non-exclusive license}
}

@inproceedings{Ciocca2017,
	title           = {Learning CNN-based Features for Retrieval of Food Images},
	author          = {Ciocca,  Gianluigi and Napoletano,  Paolo and Schettini,  Raimondo},
	year            = 2017,
	booktitle       = {New Trends in Image Analysis and Processing – ICIAP 2017},
	publisher       = {Springer International Publishing},
	pages           = {426–434}
}

@article{Termritthikun2017,
	title           = {NU-InNet: Thai Food Image Recognition Using Convolutional Neural Networks on Smartphone},
	author          = {Termritthikun, Chakkrit and Muneesawang, Paisarn and Kanprachar, Surachet},
	year            = 2017,
	month           = jun,
	journal         = {Journal of Telecommunication, Electronic and Computer Engineering (JTEC)},
	volume          = 9,
	number          = {2-6},
	pages           = {63–67}
}

@inproceedings{Shimoda2017,
	title           = {Learning Food Image Similarity for Food Image Retrieval},
	author          = {Shimoda, Wataru and Yanai, Keiji},
	year            = 2017,
	booktitle       = {2017 IEEE Third International Conference on Multimedia Big Data (BigMM)},
	pages           = {165--168}
}

@inproceedings{Lee2018,
	title           = {CleanNet: Transfer Learning for Scalable Image Classifier Training with Label Noise},
	author          = {Lee,  Kuang-Huei and He,  Xiaodong and Zhang,  Lei and Yang,  Linjun},
	year            = 2018,
	month           = jun,
	booktitle       = {2018 IEEE/CVF Conference on Computer Vision and Pattern Recognition},
	publisher       = {IEEE},
	pages           = {5447–5456}
}

@misc{arxiv.1810.06553,
	title           = {Recipe1M+: A Dataset for Learning Cross-Modal Embeddings for Cooking Recipes and Food Images},
	author          = {Javier Marin and Aritro Biswas and Ferda Ofli and Nicholas Hynes and Amaia Salvador and Yusuf Aytar and Ingmar Weber and Antonio Torralba},
	year            = 2018,
	eprint          = {arXiv:1810.06553}
}

@article{arxiv.1805.00900,
	title           = {Images & Recipes: Retrieval in the cooking context},
	author          = {Micael Carvalho and Rémi Cadène and David Picard and Laure Soulier and Matthieu Cord},
	year            = 2018,
	eprint          = {arXiv:1805.00900}
}

@inproceedings{Jalal2019,
	title           = {Scraping Social Media Photos Posted in Kenya and Elsewhere to Detect and Analyze Food Types},
	author          = {Jalal,  Mona and Wang,  Kaihong and Jefferson,  Sankara and Zheng,  Yi and Nsoesie,  Elaine O. and Betke,  Margrit},
	year            = 2019,
	month           = oct,
	booktitle       = {Proceedings of the 5th International Workshop on Multimedia Assisted Dietary Management},
	publisher       = {ACM},
	series          = {MM ’19},
	pages           = {50–59}
}

@misc{arxiv.1907.06167,
	title           = {FoodX-251: A Dataset for Fine-grained Food Classification},
	author          = {Kaur,  Parneet and Sikka,  Karan and Wang,  Weijun and Belongie,  Serge and Divakaran,  Ajay},
	year            = 2019,
	publisher       = {arXiv},
	copyright       = {arXiv.org perpetual,  non-exclusive license}
}

@misc{arxiv.1903.07437,
	title           = {MUSEFood: Multi-sensor-based Food Volume Estimation on Smartphones},
	author          = {Gao,  Junyi and Tan,  Weihao and Ma,  Liantao and Wang,  Yasha and Tang, Wen},
	year            = 2019,
	publisher       = {arXiv},
	copyright       = {arXiv.org perpetual,  non-exclusive license}
}

@inproceedings{Jianing2019,
	title           = {Mining Discriminative Food Regions for Accurate Food Recognition},
	author          = {Jianing Qiu and Frank Po Wen Lo and Yingnan Sun and Siyao Wang and Benny Lo},
	year            = 2019,
	booktitle       = {30th British Machine Vision Conference 2019, {BMVC} 2019, Cardiff, UK, September 9-12, 2019},
	publisher       = {{BMVA} Press},
	pages           = 158
}

@inproceedings{Sahoo2019,
	title           = {FoodAI: Food Image Recognition via Deep Learning for Smart Food Logging},
	author          = {Sahoo,  Doyen and Hao,  Wang and Ke,  Shu and Xiongwei,  Wu and Le,  Hung and Achananuparp,  Palakorn and Lim,  Ee-Peng and Hoi,  Steven C. H.},
	year            = 2019,
	month           = jul,
	booktitle       = {Proceedings of the 25th ACM SIGKDD International Conference on Knowledge Discovery and Data Mining},
	publisher       = {ACM},
	series          = {KDD ’19},
	pages           = {2260–2268}
}

@inproceedings{Doyen2019,
	title           = {FoodAI: Food Image Recognition via Deep Learning for Smart Food Logging},
	author          = {Sahoo, Doyen and Hao, Wang and Ke, Shu and Xiongwei, Wu and Le, Hung and Achananuparp, Palakorn and Lim, Ee-Peng and Hoi, Steven C. H.},
	year            = 2019,
	booktitle       = {Proceedings of the 25th ACM SIGKDD International Conference on Knowledge Discovery \& Data Mining},
	publisher       = {Association for Computing Machinery},
	series          = {KDD '19},
	pages           = {2260–2268},
	isbn            = 9781450362016
}

@misc{arxiv.1905.01273,
	title           = {Learning Cross-Modal Embeddings with Adversarial Networks for Cooking Recipes and Food Images},
	author          = {Hao Wang and Doyen Sahoo and Chenghao Liu and Ee-peng Lim and Steven C. H. Hoi},
	year            = 2019,
	eprint          = {arXiv:1905.01273}
}

@inproceedings{Min2020,
	title           = {ISIA Food-500: A Dataset for Large-Scale Food Recognition via Stacked Global-Local Attention Network},
	author          = {Min,  Weiqing and Liu,  Linhu and Wang,  Zhiling and Luo,  Zhengdong and Wei, Xiaoming and Wei,  Xiaolin and Jiang,  Shuqiang},
	year            = 2020,
	month           = oct,
	booktitle       = {Proceedings of the 28th ACM International Conference on Multimedia},
	publisher       = {ACM},
	series          = {MM ’20}
}

@misc{arxiv.2012.03087,
	title           = {MyFood Dataset},
	author          = {Freitas,  Charles and Cordeiro,  Filipe and Macario,  Valmir},
	year            = 2020,
	publisher       = {arXiv},
	copyright       = {Creative Commons Attribution 4.0 International}
}

@misc{arxiv.2003.03955,
	title           = {Cross-Modal Food Retrieval: Learning a Joint Embedding of Food Images and Recipes with Semantic Consistency and Attention Mechanism},
	author          = {Hao Wang and Doyen Sahoo and Chenghao Liu and Ke Shu and Palakorn Achananuparp and Ee-peng Lim and Steven C. H. Hoi},
	year            = 2020,
	eprint          = {arXiv:2003.03955}
}

@inproceedings{Wu2021,
	title           = {A Large-Scale Benchmark for Food Image Segmentation},
	author          = {Wu,  Xiongwei and Fu,  Xin and Liu,  Ying and Lim,  Ee-Peng and Hoi, Steven C.H. and Sun,  Qianru},
	year            = 2021,
	month           = oct,
	booktitle       = {Proceedings of the 29th ACM International Conference on Multimedia},
	publisher       = {ACM},
	series          = {MM ’21},
	pages           = {506–515}
}

@article{Min2023,
	title           = {Large Scale Visual Food Recognition},
	author          = {Min,  Weiqing and Wang,  Zhiling and Liu,  Yuxin and Luo,  Mengjiang and Kang,  Liping and Wei,  Xiaoming and Wei,  Xiaolin and Jiang,  Shuqiang},
	year            = 2023,
	month           = aug,
	journal         = {IEEE Transactions on Pattern Analysis and Machine Intelligence},
	publisher       = {Institute of Electrical and Electronics Engineers (IEEE)},
	volume          = 45,
	number          = 8,
	pages           = {9932–9949}
}

@article{Liu2024,
	title           = {From Canteen Food to Daily Meals: Generalizing Food Recognition to More Practical Scenarios},
	author          = {Liu,  Guoshan and Jiao,  Yang and Chen,  Jingjing and Zhu,  Bin and Jiang, Yu-Gang},
	year            = 2024,
	journal         = {IEEE Transactions on Multimedia},
	publisher       = {Institute of Electrical and Electronics Engineers (IEEE)},
	pages           = {1–10}
}

@article{RomeroTapiador2024,
	title           = {Leveraging automatic personalised nutrition: food image recognition benchmark and dataset based on nutrition taxonomy},
	author          = {Romero-Tapiador,  Sergio and Tolosana,  Ruben and Morales,  Aythami and Fierrez,  Julian and Vera-Rodriguez,  Ruben and Espinosa-Salinas,  Isabel and Freixer,  Gala and Carrillo de Santa Pau,  Enrique and Ramírez de Molina,  Ana and Ortega-Garcia,  Javier},
	year            = 2024,
	month           = apr,
	journal         = {Multimedia Tools and Applications},
	publisher       = {Springer Science and Business Media LLC}
}

@misc{tasteatlas,
	title           = {{T}hese are the 100 {B}est {C}uisines in 2025 - {T}aste{A}tlas {A}wards 24/25 --- tasteatlas.com},
	author          = {Taste Atlas},
	year            = 2024,
	note            = {[Accessed 15-01-2025]},
	howpublished    = {\url{https://www.tasteatlas.com/best/cuisines}}
}

@article{Liu2025,
	title           = {Deep Learning in Food Image Recognition: A Comprehensive Review},
	author          = {Liu, Detianjun and Zuo, Enguang and Wang, Dingding and He, Liang and Dong, Liujing and Lu, Xinyao},
	year            = 2025,
	journal         = {Applied Sciences},
	volume          = 15,
	number          = 14,
	url             = {https://www.mdpi.com/2076-3417/15/14/7626},
	article-number  = 7626
}

@inproceedings{Kaiming2016,
	title           = {Deep Residual Learning for Image Recognition},
	author          = {He, Kaiming and Zhang, Xiangyu and Ren, Shaoqing and Sun, Jian},
	year            = 2016,
	booktitle       = {2016 IEEE Conference on Computer Vision and Pattern Recognition (CVPR)},
	volume          = {},
	number          = {},
	pages           = {770--778}
}

@inproceedings{Dosovitskiy2021,
	title           = {An Image is Worth 16x16 Words: Transformers for Image Recognition at Scale},
	author          = {Alexey Dosovitskiy and Lucas Beyer and Alexander Kolesnikov and Dirk Weissenborn and Xiaohua Zhai and Thomas Unterthiner and Mostafa Dehghani and Matthias Minderer and Georg Heigold and Sylvain Gelly and Jakob Uszkoreit and Neil Houlsby},
	year            = 2021,
	booktitle       = {9th International Conference on Learning Representations, {ICLR} 2021, Virtual Event, Austria, May 3-7, 2021},
	publisher       = {OpenReview.net},
	url             = {https://openreview.net/forum?id=YicbFdNTTy}
}

@article{Liu2022,
	title           = {A ConvNet for the 2020s},
	author          = {Zhuang Liu and Hanzi Mao and Chao{-}Yuan Wu and Christoph Feichtenhofer and Trevor Darrell and Saining Xie},
	year            = 2022,
	journal         = {CoRR},
	volume          = {abs/2201.03545},
	url             = {https://arxiv.org/abs/2201.03545},
	eprinttype      = {arXiv},
	eprint          = {2201.03545}
}

@inproceedings{Tan2019,
	title           = {{E}fficient{N}et: Rethinking Model Scaling for Convolutional Neural Networks},
	author          = {Tan, Mingxing and Le, Quoc},
	year            = 2019,
	month           = {09--15 Jun},
	booktitle       = {Proceedings of the 36th International Conference on Machine Learning},
	publisher       = {PMLR},
	series          = {Proceedings of Machine Learning Research},
	volume          = 97,
	pages           = {6105--6114},
	url             = {https://proceedings.mlr.press/v97/tan19a.html}
}

@inproceedings{Tan2021,
	title           = {EfficientNetV2: Smaller Models and Faster Training},
	author          = {Mingxing Tan and Quoc V. Le},
	year            = 2021,
	booktitle       = {Proceedings of the 38th International Conference on Machine Learning, {ICML} 2021, 18-24 July 2021, Virtual Event},
	publisher       = {{PMLR}},
	series          = {Proceedings of Machine Learning Research},
	volume          = 139,
	pages           = {10096--10106},
	url             = {http://proceedings.mlr.press/v139/tan21a.html}
}
